
@inproceedings{kolmogorov1957representation,
  title={On the representation of continuous functions of many variables by superposition of continuous functions of one variable and addition},
  author={Kolmogorov, Andrei Nikolaevich},
  booktitle={Doklady Akademii Nauk},
  volume={114},
  number={5},
  pages={953--956},
  year={1957},
  organization={Russian Academy of Sciences}
}

@article{actor2017algorithm,
  title={An Algorithm for Computing Lipschitz Inner Functions in Kolmogorov's Superposition Theorem},
  author={Actor, Jonas and Knepley, Matthew G},
  journal={arXiv preprint arXiv:1712.08286},
  year={2017}
}

@article{vitushkin1967linear,
  title={Linear superpositions of functions},
  author={Vitushkin, Anatoliy Georgievich and Khenkin, GM},
  journal={Russian Mathematical Surveys},
  volume={22},
  number={1},
  pages={77},
  year={1967},
  publisher={IOP Publishing}
}

@article{sprecher1972improvement,
  title={An improvement in the superposition theorem of Kolmogorov},
  author={Sprecher, David A},
  journal={Journal of Mathematical Analysis and Applications},
  volume={38},
  number={1},
  pages={208--213},
  year={1972},
  publisher={Elsevier}
}

@phdthesis{actor2018computation,
  title={Computation for the Kolmogorov Superposition Theorem},
  author={Actor, Jonas},
  year={2018}
}

@article{montanelli2020error,
  title={Error bounds for deep ReLU networks using the Kolmogorov--Arnold superposition theorem},
  author={Montanelli, Hadrien and Yang, Haizhao},
  journal={Neural Networks},
  year={2020},
  publisher={Elsevier}
}

@article{hedberg1971kolmogorov,
  title={The Kolmogorov superposition theorem, Appendix II to HS Shapiro, Topics in Approximation Theory},
  author={Hedberg, T},
  journal={Lecture notes in Math},
  volume={187},
  pages={267--275},
  year={1971}
}

@article{kahane1975theoreme,
  title={Sur le theoreme de superposition de Kolmogorov},
  author={Kahane, Jean-Pierre},
  journal={Journal of Approximation Theory},
  volume={13},
  number={3},
  pages={229--234},
  year={1975},
  publisher={Academic Press}
}

@book{khavinson1997best,
  title={Best approximation by linear superpositions (approximate nomography)},
  author={Khavinson, S. Ya},
  volume={159},
  year={1997},
  publisher={American Mathematical Soc.}
}

@inproceedings{fridman1967improvement,
  title={An improvement in the smoothness of the functions in AN Kolmogorov's theorem on superpositions},
  author={Fridman, Buma L},
  booktitle={Doklady Akademii Nauk},
  volume={177},
  number={5},
  pages={1019--1022},
  year={1967},
  organization={Russian Academy of Sciences}
}

@article{kahane2000baire,
  title={Baire’s category theorem and trigonometric series},
  author={Kahane, Jean-Pierre},
  journal={Journal D’Analyse Math{\'e}matique},
  volume={80},
  number={1},
  pages={143--182},
  year={2000},
  publisher={Springer}
}

@misc{kahane1980treizieme,
  title={Sur le treizi{\`e}me proh{\`e}me de Hilbert, le th{\'e}or{\`e}me de superposition de Kolmogorov et les sommes alg{\`e}briques d’arcs croissants, in Harmonic Analysis Iraklion 1978 Proceedings},
  author={Kahane, JP},
  journal={Lecture Notes in Math.},
  pages={76--101},
  year={1980},
  publisher={Springer-Verlag Berlin}
}


